@article{kober2013reinforcement,
  title={Reinforcement learning in robotics: A survey},
  author={Kober, Jens and Bagnell, J Andrew and Peters, Jan},
  journal={The International Journal of Robotics Research},
  volume={32},
  number={11},
  pages={1238--1274},
  year={2013}
}

@inproceedings{senft2015sparc,
  title={SPARC: Supervised Progressively Autonomous Robot Competencies},
  author={Senft, Emmanuel and Baxter, Paul and Kennedy, James and Belpaeme, Tony},
  booktitle={International Conference on Social Robotics},
  pages={603--612},
  year={2015}
}

@article{lecun2015deep,
  title={Deep learning},
  author={LeCun, Yann and Bengio, Yoshua and Hinton, Geoffrey},
  journal={Nature},
  year={2015}
}

@article{silver2016mastering,
  title={Mastering the game of Go with deep neural networks and tree search},
  author={Silver, David and Huang, Aja and Maddison, Chris J and Guez, Arthur and Sifre, Laurent and Van Den Driessche, George and Schrittwieser, Julian and Antonoglou, Ioannis and Panneershelvam, Veda and Lanctot, Marc and others},
  journal={Nature},
  volume={529},
  number={7587},
  pages={484--489},
  year={2016}
}

@article{mnih2015human,
  title={Human-level control through deep reinforcement learning},
  author={Mnih, Volodymyr and Kavukcuoglu, Koray and Silver, David and Rusu, Andrei A and Veness, Joel and Bellemare, Marc G and Graves, Alex and Riedmiller, Martin and Fidjeland, Andreas K and Ostrovski, Georg and others},
  journal={Nature},
  volume={518},
  number={7540},
  pages={529--533},
  year={2015}
}

@article{tesauro1995temporal,
  title={Temporal difference learning and TD-Gammon},
  author={Tesauro, Gerald},
  journal={Communications of the ACM},
  volume={38},
  number={3},
  pages={58--68},
  year={1995}
}

@article{hester2017learning,
  title={Learning from Demonstrations for Real World Reinforcement Learning},
  author={Hester, Todd and Vecerik, Matej and Pietquin, Olivier and Lanctot, Marc and Schaul, Tom and Piot, Bilal and Sendonaris, Andrew and Dulac-Arnold, Gabriel and Osband, Ian and Agapiou, John and others},
  journal={arXiv preprint arXiv:1704.03732},
  year={2017}
}

@inproceedings{abbeel2004apprenticeship,
  title={Apprenticeship learning via inverse reinforcement learning},
  author={Abbeel, Pieter and Ng, Andrew Y},
  booktitle={Proceedings of the twenty-first international conference on Machine learning},
  year={2004}
}

@inproceedings{saunders2006teaching,
  title={Teaching robots by moulding behavior and scaffolding the environment},
  author={Saunders, Joe and Nehaniv, Chrystopher L and Dautenhahn, Kerstin},
  booktitle={Proceedings of the 1st ACM SIGCHI/SIGART conference on Human-robot interaction},
  pages={118--125},
  year={2006}
}

@inproceedings{liu2014train,
  title={How to train your robot-teaching service robots to reproduce human social behavior},
  author={Liu, Peng and Glas, Dylan F and Kanda, Takefumi and Ishiguro, Hiroshi and Hagita, Norihiro},
  booktitle={Robot and Human Interactive Communication, 2014 RO-MAN: The 23rd IEEE International Symposium on},
  pages={961--968},
  year={2014}
}

@inproceedings{cakmak2012designing,
  title={Designing robot learners that ask good questions},
  author={Cakmak, Maya and Thomaz, Andrea L},
  booktitle={Proceedings of the seventh annual ACM/IEEE international conference on Human-Robot Interaction},
  pages={17--24},
  year={2012}
}

@article{amershi2014power,
  title={Power to the people: The role of humans in interactive machine learning},
  author={Amershi, Saleema and Cakmak, Maya and Knox, William Bradley and Kulesza, Todd},
  journal={AI Magazine},
  volume={35},
  number={4},
  pages={105--120},
  year={2014}
}

@inproceedings{sutton1996generalization,
  title={Generalization in reinforcement learning: Successful examples using sparse coarse coding},
  author={Sutton, Richard S},
  booktitle={Advances in neural information processing systems},
  pages={1038--1044},
  year={1996}
}

@inproceedings{baxter2012touchscreen,
  title={A touchscreen-based ‘Sandtray’ to facilitate, mediate and contextualise human-robot social interaction},
  author={Baxter, Paul and Wood, Rachel and Belpaeme, Tony},
  booktitle={Human-Robot Interaction (HRI), 7th ACM/IEEE International Conference on},
  pages={105--106},
  year={2012}
}

@InProceedings{macglashan2017interactive,
  title = {Interactive Learning from Policy-Dependent Human Feedback},
  author = {James MacGlashan and Mark K. Ho and Robert Loftin and Bei Peng and Guan Wang and David L. Roberts and Matthew E. Taylor and Michael L. Littman},
  booktitle = {Proceedings of the 34th International Conference on Machine Learning},
  year = {2017}
}

@inproceedings{cobo2011automatic,
  title={Automatic state abstraction from demonstration},
  author={Cobo, Luis C and Zang, Peng and Isbell Jr, Charles L and Thomaz, Andrea L},
  booktitle={IJCAI Proceedings-International Joint Conference on Artificial Intelligence},
  volume={22},
  number={1},
  year={2011}
}

@article{chernova2009interactive,
  title={Interactive policy learning through confidence-based autonomy},
  author={Chernova, Sonia and Veloso, Manuela},
  journal={Journal of Artificial Intelligence Research},
  volume={34},
  number={1},
  year={2009}
}

@inproceedings{walsh2010generalizing,
  title={Generalizing apprenticeship learning across hypothesis classes},
  author={Walsh, Thomas J and Subramanian, Kaushik and Littman, Michael L and Diuk, Carlos},
  booktitle={Proceedings of the 27th International Conference on Machine Learning (ICML-10)},
  pages={1119--1126},
  year={2010}
}

@article{aha1991instance,
  title={Instance-based learning algorithms},
  author={Aha, David W and Kibler, Dennis and Albert, Marc K},
  journal={Machine learning},
  volume={6},
  number={1},
  pages={37--66},
  year={1991}
}

@inproceedings{knox2010combining,
  title={Combining manual feedback with subsequent MDP reward signals for reinforcement learning},
  author={Knox, W Bradley and Stone, Peter},
  booktitle={Proceedings of the 9th International Conference on Autonomous Agents and Multiagent Systems: volume 1-Volume 1},
  pages={5--12},
  year={2010}
}

@inproceedings{judah2010reinforcement,
  title={Reinforcement Learning Via Practice and Critique Advice.},
  author={Judah, Kshitij and Roy, Saikat and Fern, Alan and Dietterich, Thomas G},
  booktitle={AAAI},
  year={2010}
}

@inproceedings{griffith2013policy,
  title={Policy shaping: Integrating human feedback with reinforcement learning},
  author={Griffith, Shane and Subramanian, Kaushik and Scholz, Jonathan and Isbell, Charles and Thomaz, Andrea L},
  booktitle={Advances in Neural Information Processing Systems},
  pages={2625--2633},
  year={2013}
}

@article{scassellati2012robots,
  title={Robots for use in autism research},
  author={Scassellati, Brian and Admoni, Henny and Mataric, Maja},
  journal={Annual review of biomedical engineering},
  volume={14},
  pages={275--294},
  year={2012},
  publisher={Annual Reviews}
}

@article{Thill2013,
  title={Robot-assisted therapy for autism spectrum disorders with (partially) autonomous control: Challenges and outlook},
  author={Thill, Serge and Pop, Cristina A and Belpaeme, Tony and Ziemke, Tom and Vanderborght, Bram},
  journal={Paladyn},
  volume={3},
  number={4},
  pages={209--217},
  year={2012},
  publisher={Springer}
}

@inproceedings{baxter2012touchscreen,
  title={A touchscreen-based ‘Sandtray’to facilitate, mediate and contextualise human-robot social interaction},
  author={Baxter, Paul and Wood, Rachel and Belpaeme, Tony},
  booktitle={Human-Robot Interaction (HRI), 2012 7th ACM/IEEE International Conference on},
  pages={105--106},
  year={2012},
  organization={IEEE}
}

@article{chernova2009,
  title={Interactive policy learning through confidence-based autonomy},
  author={Chernova, Sonia and Veloso, Manuela},
  journal={Journal of Artificial Intelligence Research},
  volume={34},
  number={1},
  pages={1},
  year={2009}
}


@inproceedings{Senft,
 author = {Senft, Emmanuel and Baxter, Paul and Kennedy, James and Belpaeme, Tony},
 title = {When is It Better to Give Up?: Towards Autonomous Action Selection for Robot Assisted ASD Therapy},
 booktitle = {Proceedings of the Tenth Annual ACM/IEEE International Conference on Human-Robot Interaction Extended Abstracts},
 year = {2015},
 location = {Portland, Oregon, USA},
 pages = {197--198},
 numpages = {2},
 publisher = {ACM},
 keywords = {ASD, RAT, action selection, cognitive robotics, social robotics},
} 


@article{riek2012wizard,
author = {Riek, Laurel},
journal = {Journal of Human-Robot Interaction},
keywords = {human-robot interaction,method-,reporting guidelines,systematic review,wizard of oz},
month = aug,
number = {1},
pages = {119--136},
title = {{Wizard of Oz Studies in HRI: A Systematic Review and New Reporting Guidelines}},
volume = {1},
year = {2012}
}

@article{vanderborght2012using,
  title={Using the social robot probo as a social story telling agent for children with ASD},
  author={Vanderborght, Bram and Simut, Ramona and Saldien, Jelle and Pop, Cristina and Rusu, Alina S and Pintea, Sebastian and Lefeber, Dirk and David, Daniel O},
  journal={Interaction Studies},
  volume={13},
  number={3},
  pages={348--372},
  year={2012},
  publisher={John Benjamins Publishing Company}
}

@article{robins2005robotic,
  title={Robotic assistants in therapy and education of children with autism: can a small humanoid robot help encourage social interaction skills?},
  author={Robins, Ben and Dautenhahn, Kerstin and Te Boekhorst, R and Billard, Aude},
  journal={Universal Access in the Information Society},
  volume={4},
  number={2},
  pages={105--120},
  year={2005},
  publisher={Springer}
}

@article{Feil-Seifer2008,
author = {Feil-Seifer, D and Mataric, MJ},
journal = {RO-MAN 2008.},
keywords = {Applications of Social Robots,Assistive Robotics,Computational Architectures},
pages = {},
title = {{B3IA: A control architecture for autonomous robot-assisted behavior intervention for children with Autism Spectrum Disorders}},
url = {http://ieeexplore.ieee.org/xpls/abs\_all.jsp?arnumber=4600687},
year = {2008}
}

@article{Robins2009,
author = {Robins, Ben and Dautenhahn, Kerstin and Dickerson, Paul},
journal = {Conferences on Advances in Computer-Human Interactions},
keywords = {Assistive Technology, Human-Robot Interaction (HRI), Autism therapy, Robot Assited Play},
month = feb,
pages = {205--211},
publisher = {Ieee},
title = {{From Isolation to Communication: A Case Study Evaluation of Robot Assisted Play for Children with Autism with a Minimally Expressive Humanoid Robot}},
year = {2009}
}

@inproceedings{doshi2008,
  title={Reinforcement learning with limited reinforcement: Using Bayes risk for active learning in POMDPs},
  author={Doshi, Finale and Pineau, Joelle and Roy, Nicholas},
  booktitle={Proceedings of the 25th international conference on Machine learning},
  pages={256--263},
  year={2008},
  organization={ACM}
}

@article{Abbeel2004,
archivePrefix = {arXiv},
arxivId = {1206.5264},
author = {Abbeel, Pieter and Ng, Andrew Y},
doi = {10.1145/1015330.1015430},
eprint = {1206.5264},
isbn = {1581138385 (ISBN)},
journal = {Proceedings of the 21st International Conference on Machine Learning (ICML)},
keywords = {Algorithms,Apprenticeship learning,Bellman's equations,Decision making,Iterative methods,Learning systems,Markov decision process (MDP),Markov processes,Probability,Reinforcement learning,Theorem proving,Vectors},
pages = {1--8},
title = {{Apprenticeship learning via inverse reinforcement learning}},
url = {http://www.scopus.com/inward/record.url?eid=2-s2.0-14344251217\&partnerID=40},
year = {2004}
}

@book{sutton1998reinforcement,
  title={Reinforcement learning: An introduction},
  author={Sutton, Richard S and Barto, Andrew G},
  year={1998},
  publisher={MIT press}
}

@article{kaelbling1996reinforcement,
  title={Reinforcement learning: A survey},
  author={Kaelbling, Leslie Pack and Littman, Michael L and Moore, Andrew W},
  journal={Journal of artificial intelligence research},
  pages={237--285},
  year={1996}
}

@misc{kotsiantis2007supervised,
  title={Supervised machine learning: A review of classification techniques},
  author={Kotsiantis, Sotiris B and Zaharakis, I and Pintelas, P},
  year={2007}
}

@article{Thomaz2008,
author = {Thomaz, Andrea L. and Breazeal, Cynthia},
journal = {Artificial Intelligence},
keywords = {Human–robot interaction,Reinforcement learning,User studies},
number = {6-7},
pages = {716--737},
title = {{Teachable robots: Understanding human teaching behavior to build more effective robot learners}},
volume = {172},
year = {2008}
}

@inproceedings{knox2014learning,
  title={Learning Social Interaction from the Wizard: A Proposal},
  author={Knox, W Bradley and Spaulding, Samuel and Breazeal, Cynthia},
  booktitle={Workshops at the Twenty-Eighth AAAI Conference on Artificial Intelligence},
  year={2014}
}

@inproceedings{doshi2008reinforcement,
  title={Reinforcement learning with limited reinforcement: Using Bayes risk for active learning in POMDPs},
  author={Doshi, Finale and Pineau, Joelle and Roy, Nicholas},
  booktitle={Proceedings of the 25th international conference on Machine learning},
  pages={256--263},
  year={2008},
  organization={ACM}
}

@inproceedings{cakmak2012designing,
  title={Designing robot learners that ask good questions},
  author={Cakmak, Maya and Thomaz, Andrea L},
  booktitle={Proceedings of the seventh annual ACM/IEEE international conference on Human-Robot Interaction},
  pages={17--24},
  year={2012},
  organization={ACM}
}

@incollection{billard2008robot,
  title={Robot programming by demonstration},
  author={Billard, Aude and Calinon, Sylvain and Dillmann, R{\v{R}}diger and Schaal, Stefan},
  booktitle={Springer handbook of robotics},
  pages={1371--1394},
  year={2008},
  publisher={Springer}
}

@article{argall2009survey,
  title={A survey of robot learning from demonstration},
  author={Argall, Brenna D and Chernova, Sonia and Veloso, Manuela and Browning, Brett},
  journal={Robotics and autonomous systems},
  volume={57},
  number={5},
  pages={469--483},
  year={2009},
  publisher={Elsevier}
}

@inproceedings{wainer2010collaborating,
  title={Collaborating with Kaspar: Using an autonomous humanoid robot to foster cooperative dyadic play among children with autism},
  author={Wainer, Joshua and Dautenhahn, Kerstin and Robins, Ben and Amirabdollahian, Farshid},
  booktitle={Humanoid Robots (Humanoids), 2010},
  pages={631--638},
  year={2010},
  organization={IEEE}
}

@unpublished{MLIS,
  title={Human-Guided Learning of Social Action Selection for Robot-Assisted Therapy},
  author={Senft, Emmanuel and Baxter, Paul and Belpaeme, Tony},
  note={in press for 4th Workshop on Machine Learning for Interactive Systems},
  year={2015},
 }
 
@article{Bartneck2004,
author = {Bartneck, C. and Forlizzi, J.},
doi = {10.1109/ROMAN.2004.1374827},
file = {:D$\backslash$:/boulot/PhD/divers/mendeley/Bartneck, Forlizzi - 2004 - A design-centred framework for social human-robot interaction.pdf:pdf},
isbn = {0-7803-8570-5},
journal = {RO-MAN 2004. 13th IEEE International Workshop on Robot and Human Interactive Communication (IEEE Catalog No.04TH8759)},
pages = {591--594},
publisher = {Ieee},
title = {{A design-centred framework for social human-robot interaction}},
url = {http://ieeexplore.ieee.org/lpdocs/epic03/wrapper.htm?arnumber=1374827},
year = {2004}
}

@article{Fong2003,
author = {Fong, Terrence and Nourbakhsh, Illah and Dautenhahn, Kerstin},
doi = {10.1016/S0921-8890(02)00372-X},
file = {:D$\backslash$:/boulot/PhD/divers/mendeley/Fong, Nourbakhsh, Dautenhahn - 2003 - A survey of socially interactive robots.pdf:pdf},
issn = {09218890},
journal = {Robotics and Autonomous Systems},
keywords = {human,interaction aware robot,robot interaction,sociable robot,social robot,socially interactive robot},
month = mar,
number = {3-4},
pages = {143--166},
title = {{A survey of socially interactive robots}},
url = {http://linkinghub.elsevier.com/retrieve/pii/S092188900200372X},
volume = {42},
year = {2003}
}

@article{Brooks1986,
author = {Brooks, RA},
file = {:D$\backslash$:/boulot/PhD/divers/mendeley/Brooks - 1986 - A robust layered control system for a mobile robot.pdf:pdf},
journal = {Robotics and Automation, IEEE Journal of},
title = {{A robust layered control system for a mobile robot}},
url = {http://ieeexplore.ieee.org/xpls/abs\_all.jsp?arnumber=1087032},
year = {1986}
}

@article{Steels1989,
author = {Steels, Luc},
file = {:D$\backslash$:/boulot/PhD/divers/mendeley/Steels - 1989 - COOPERATION BETWEEN DISTRIBUTED AGENTS THROUGH SELF-ORCAMSATION.pdf:pdf},
title = {{Cooperation Between Distributed Agents Through Self-Organisation}},
url = {http://scholar.google.com/scholar?hl=en\&btnG=Search\&q=intitle:COOPERATION+BETWEEN+DISTRIBUTED+AGENTS+THROUGH+SELF-ORCAMSATION+Luc+Steels\#0},
year = {1989}
}

@incollection{Wooldridge1999,
  author      = "M. Wooldridge",
  title       = "Intelligent Agents",
  editor      = "G. Weiss",
  booktitle   = " Multiagent Systems",
  publisher   = " The MIT Press",
  year        = 1999,
}

@article{Tyrrell1993,
author = {Tyrrell, Toby},
file = {:D$\backslash$:/boulot/PhD/divers/mendeley/Tyrrell - 1993 - Computational mechanisms for action selection.pdf:pdf},
title = {{Computational mechanisms for action selection}},
url = {http://w2mind.computing.dcu.ie/worlds/w2m.TyrrellWorld/tyrrell\_phd.pdf},
year = {1993}
}

@book{Breazeal2004,
author = {Breazeal, C},
file = {:D$\backslash$:/boulot/PhD/divers/mendeley/Breazeal - 2004 - Designing sociable robots.pdf:pdf},
isbn = {0262025108},
title = {{Designing sociable robots}},
url = {http://books.google.com/books?hl=en\&lr=\&id=402dquhxSTQC\&oi=fnd\&pg=PA1\&dq=Designing+Sociable+Robots\&ots=ozRmtVtdzc\&sig=9R4\_-3tebeV3cJrcfMPljdwKWjM},
year = {2004}
}
@article{Breazeal2000,
author = {Breazeal, C and Scassellati, Brian},
file = {:D$\backslash$:/boulot/PhD/divers/mendeley/Breazeal, Scassellati - 2000 - Infant-like social interactions between a robot and a human caregiver.pdf:pdf},
journal = {Adaptive Behavior},
keywords = {emotion,learning,motivation},
mendeley-tags = {emotion,learning,motivation},
number = {617},
title = {{Infant-like social interactions between a robot and a human caregiver}},
url = {http://adb.sagepub.com/content/8/1/49.short},
year = {2000}
}
@article{Breazeal2004a,
author = {Breazeal, C},
doi = {10.1109/TSMCC.2004.826270},
file = {:D$\backslash$:/boulot/PhD/divers/mendeley/Breazeal - 2004 - Function Meets Style Insights From Emotion Theory Applied to HRI.pdf:pdf},
issn = {1094-6977},
journal = {IEEE Transactions on Systems, Man and Cybernetics, Part C (Applications and Reviews)},
keywords = {emotion,ethology},
mendeley-tags = {emotion,ethology},
month = may,
number = {2},
pages = {187--194},
title = {{Function Meets Style: Insights From Emotion Theory Applied to HRI}},
url = {http://ieeexplore.ieee.org/lpdocs/epic03/wrapper.htm?arnumber=1291666},
volume = {34},
year = {2004}
}

@article{Scheutz2009,
author = {Scheutz, Matthias and Schermerhorn, Paul},
file = {:D$\backslash$:/boulot/PhD/divers/mendeley/Scheutz, Schermerhorn - 2009 - Affective goal and task selection for social robots.pdf:pdf},
journal = {Handbook of research on synthetic \ldots},
keywords = {Diarc,affective evaluation,architecture},
mendeley-tags = {Diarc,affective evaluation,architecture},
pages = {1--16},
title = {{Affective goal and task selection for social robots}},
url = {http://www.researchgate.net/publication/228646482\_Affective\_goal\_and\_task\_selection\_for\_social\_robots/file/72e7e51d5b83a3cfc7.pdf},
year = {2009}
}

@article{Avila-Garcia2004,
author = {Avila-Garcia, O and Ca\~{n}amero, L},
file = {:D$\backslash$:/boulot/PhD/divers/mendeley/Avila-garc, Ca - 2003 - Using Hormonal Feedback to Modulate Action Selection in a Competitive Scenario.pdf:pdf},
journal = {From animals to animats},
keywords = {behavior,hormones,motivation},
mendeley-tags = {behavior,hormones,motivation},
title = {{Using hormonal feedback to modulate action selection in a competitive scenario}},
url = {http://books.google.com/books?hl=en\&lr=\&id=KtH3hF1-ZtEC\&oi=fnd\&pg=PA243\&dq=Using+Hormonal+Feedback+to+Modulate+Action+Selection+in+a+Competitive+Scenario\&ots=4sb25Fhx9s\&sig=FGAa\_eLV43ZNzckEYFPIck8CI08},
year = {2004}
}
@article{Lones2014,
author = {Lones, John and Lewis, Matt and Ca\~{n}amero, L},
journal = {ALIFE 14: The Fourteenth Conference on Synthesis and Simulation of Living Systems},
title = {Hormonal modulation of development and behaviour permits a robot to adapt to novel interactions},
year = {2014}
}
@article{Canamero1997,
author = {Ca\~{n}amero, D},
file = {:D$\backslash$:/boulot/PhD/divers/mendeley/Ca\~{n}amero - 1997 - Modeling motivations and emotions as a basis for intelligent behavior.pdf:pdf},
journal = {Proceedings of the first international conference on \ldots},
number = {Abbott 1884},
title = {{Modeling motivations and emotions as a basis for intelligent behavior}},
url = {http://dl.acm.org/citation.cfm?id=267688},
year = {1997}
}
@article{Hiolle2014,
author = {Hiolle, Antoine and Lewis, Matthew and Ca\~{n}amero, L},
file = {:D$\backslash$:/boulot/PhD/divers/mendeley/Hiolle, Lewis, Ca\~{n}amero - 2014 - A Robot that Uses Arousal to Detect Learning Challenges and Seek Help.pdf:pdf},
isbn = {9780262326216},
journal = {ALIFE 14: The Fourteenth Conference on \ldots},
title = {{A Robot that Uses Arousal to Detect Learning Challenges and Seek Help}},
url = {http://mitpress.mit.edu/sites/default/files/titles/content/alife14/ch142.html},
year = {2014}
}
@article{Hiolle2014a,
author = {Hiolle, Antoine and Lewis, Matthew and Ca\~{n}amero, L},
doi = {10.3389/fnbot.2014.00017},
file = {:D$\backslash$:/boulot/PhD/divers/mendeley/Hiolle, Lewis, Ca\~{n}amero - 2014 - Arousal regulation and affective adaptation to human responsiveness by a robot that explores and learns.pdf:pdf},
issn = {1662-5218},
journal = {Frontiers in neurorobotics},
keywords = {affective,affective adaptation,arousal,attachment bonds,autonomous robots,developmental robotics,emotion regulation,human,robot interaction,social robotics},
month = jan,
number = {May},
pages = {17},
pmid = {24860492},
title = {{Arousal regulation and affective adaptation to human responsiveness by a robot that explores and learns a novel environment}},
url = {http://www.pubmedcentral.nih.gov/articlerender.fcgi?artid=4030164\&tool=pmcentrez\&rendertype=abstract http://www.ncbi.nlm.nih.gov/pmc/articles/PMC4030164/},
volume = {8},
year = {2014}
}

@book{damasio1994descartes,
  title={Descartes' error: Emotion, reason and the human brain},
  author={Damasio, Antonio},
  year={1994},
  publisher={G.P. Putnam's Sons, New York}
}

@article{Velasquez1998a,
author = {Vel\'{a}squez, J},
file = {:D$\backslash$:/boulot/PhD/divers/mendeley/Vel\'{a}squez - 1998 - Modeling emotion-based decision-making.pdf:pdf},
journal = {Emotional and intelligent: The tangled knot of \ldots},
title = {{Modeling emotion-based decision-making}},
url = {http://www.global-media.org/neome/docs/PDF's/01 - the best ones/emotional agents.pdf},
year = {1998}
}

@article{Velasquez1998b,
author = {Vel\'{a}squez, J},
file = {:D$\backslash$:/boulot/PhD/divers/mendeley/Vel\'{a}squez - 1998 - A computational framework for emotion-based control.ps:ps},
journal = {Proceedings of the Workshop on Grounding Emotions \ldots},
title = {{A computational framework for emotion-based control}},
url = {http://www.ofai.at/~paolo.petta/conf/sab98/final/velasquez.ps.gz},
year = {1998}
}

@article{Velasquez1998,
author = {Vel\'{a}squez, J},
file = {:D$\backslash$:/boulot/PhD/divers/mendeley/Vel\'{a}squez - 1998 - When robots weep emotional memories and decision-making.pdf:pdf},
journal = {AAAI/IAAI},
title = {{When robots weep: emotional memories and decision-making}},
url = {http://www.aaai.org/AITopics/assets/PDF/AAAI98-010.pdf},
year = {1998}
}

@article{Scheutz2006,
author = {Scheutz, Matthias and Schermerhorn, Paul and Kramer, James and Anderson, David},
doi = {10.1007/s10514-006-9018-3},
file = {:D$\backslash$:/boulot/PhD/divers/mendeley/Scheutz et al. - 2006 - First steps toward natural human-like HRI.pdf:pdf},
issn = {0929-5593},
journal = {Autonomous Robots},
month = dec,
number = {4},
pages = {411--423},
title = {{First steps toward natural human-like HRI}},
url = {http://link.springer.com/10.1007/s10514-006-9018-3},
volume = {22},
year = {2006}
}

@article{Moshkina2003,
author = {Moshkina, L. and Arkin, R.C.},
doi = {10.1109/ICSMC.2003.1244505},
file = {:D$\backslash$:/boulot/PhD/divers/mendeley/Moshkina, Arkin - 2003 - On TAMEing robots.pdf:pdf},
isbn = {0-7803-7952-7},
journal = {SMC'03 Conference Proceedings. 2003 IEEE International Conference on Systems, Man and Cybernetics. Conference Theme - System Security and Assurance (Cat. No.03CH37483)},
keywords = {computational,human-robot interaction,models of emotion and,personality},
pages = {3949--3959},
publisher = {Ieee},
title = {{On TAMEing robots}},
url = {http://ieeexplore.ieee.org/lpdocs/epic03/wrapper.htm?arnumber=1244505},
volume = {4},
year = {2003}
}

@article{Oudeyer2005,
author = {Oudeyer, PY and Kaplan, F},
file = {:D$\backslash$:/boulot/PhD/divers/mendeley/Oudeyer, Kaplan - 2005 - The playground experiment Task-independent development of a curious robot.pdf:pdf},
journal = {Proceedings of the AAAI \ldots},
title = {{The playground experiment: Task-independent development of a curious robot}},
url = {http://www.cs.swarthmore.edu/~meeden/DevelopmentalRobotics/oudeyer.pdf},
year = {2005}
}

@article{Taffoni2014,
author = {Taffoni, Fabrizio and Tamilia, Eleonora and Focaroli, Valentina},
file = {:D$\backslash$:/boulot/PhD/divers/mendeley/Taffoni, Tamilia, Focaroli - 2014 - Development of goal-directed action selection guided by intrinsic motivations an experiment with chi.pdf:pdf},
isbn = {3906225419610},
journal = {Experimental brain \ldots},
keywords = {action selction,action-outcome contingency,children,curiosity,intrinsic motivation,intrisic motivation,novelty},
mendeley-tags = {children,intrisic motivation},
title = {{Development of goal-directed action selection guided by intrinsic motivations: an experiment with children}},
url = {http://link.springer.com/article/10.1007/s00221-014-3907-z},
year = {2014}
}

@article{Stout2005,
author = {Stout, Andrew and Konidaris, GD and Barto, AG},
file = {:D$\backslash$:/boulot/PhD/divers/mendeley/Stout, Konidaris, Barto - 2005 - Intrinsically motivated reinforcement learning A promising framework for developmental robot learning.pdf:pdf},
title = {{Intrinsically motivated reinforcement learning: A promising framework for developmental robot learning}},
url = {http://oai.dtic.mil/oai/oai?verb=getRecord\&metadataPrefix=html\&identifier=ADA440079},
year = {2005}
}

@article{Oudeyer2007,
author = {Oudeyer, Pierre-Yves and Kaplan, Frederic},
doi = {10.3389/neuro.12.006.2007},
file = {:D$\backslash$:/boulot/PhD/divers/mendeley/Oudeyer, Kaplan - 2007 - What is Intrinsic Motivation A Typology of Computational Approaches.pdf:pdf},
issn = {1662-5218},
journal = {Frontiers in neurorobotics},
keywords = {artifi cial intelligence,cognitive development,computational modeling,curiosity,developmental robotics,exploration,intrinsic motivation,reinforcement learning,reward},
month = jan,
number = {November},
pages = {6},
pmid = {18958277},
title = {{What is Intrinsic Motivation? A Typology of Computational Approaches}},
url = {http://www.pubmedcentral.nih.gov/articlerender.fcgi?artid=2533589\&tool=pmcentrez\&rendertype=abstract},
volume = {1},
year = {2007}
}

@article{Barto2004,
author = {Barto, AG and Singh, S and Chentanez, N},
file = {:D$\backslash$:/boulot/PhD/divers/mendeley/Barto, Mi, Mi - Unknown - Intrinsically Motivated Learning of Hierarchical Collections of Skills.pdf:pdf},
journal = {Proc. 3rd Int. Conf. \ldots},
title = {{Intrinsically motivated learning of hierarchical collections of skills}},
url = {http://www.fias.uni-frankfurt.de/~triesch/courses/reinforcement/papers/BartoEtAl-NIPS2004.pdf},
year = {2004}
}

@article{Stone2000,
author = {Stone, Peter and Veloso, Manuela},
file = {:D$\backslash$:/boulot/PhD/divers/mendeley/Stone et al. - Unknown - Layered Learning.pdf:pdf},
journal = {Machine Learning: ECML 2000},
title = {{Layered learning}},
url = {http://link.springer.com/chapter/10.1007/3-540-45164-1\_38},
year = {2000}
}

@inproceedings{ray2008people,
  title={{What do people expect from robots?}},
  @author={Ray, C{\'e}line and Mondada, Francesco and Siegwart, Roland},
  author={Ray, C{\'e}line and others}, 
  @booktitle={International Conference on Intelligent RObots and Systems },
  booktitle={Proc. of the IEEE/RSJ 2008 Int. Conf. on Intelligent Robots and Systems},
  @pages={3816--3821},
  year={2008},
  organization={IEEE},
}

@article{dautenhahn2007socially,
  title={Socially intelligent robots: dimensions of human--robot interaction},
  author={Dautenhahn, Kerstin},
  journal={Philosophical Transactions of the Royal Society B: Biological Sciences},
  volume={362},
  number={1480},
  pages={679--704},
  year={2007},
  publisher={The Royal Society}
}

@article{coeckelbergh2015survey,
  title={{A Survey of Expectations About the Role of Robots in Robot-Assisted Therapy for Children with ASD: Ethical Acceptability, Trust, Sociability, Appearance, and Attachment}},
  @author={Coeckelbergh, Mark and Pop, Cristina and Simut, Ramona and Peca, Andreea and Pintea, Sebastian and David, Daniel and Vanderborght, Bram},
  author={Coeckelbergh, Mark and others},
  journal={Science and Engineering Ethics},
  pages={1--19},
  year={2015},
  publisher={Springer}
}

@incollection{hoefinghoff2015yes,
  title={{"Yes Dear, that Belongs into the Shelf!"-Exploratory Studies with Elderly People Who Learn to Train an Adaptive Robot Companion}},
  @author={Hoefinghoff, Jens and Rosenthal-von der P{\"u}tten, Astrid and Pauli, Josef and Kr{\"a}mer, Nicole},
  author={Hoefinghoff, Jens and others},
  booktitle={Proc. of the 7th Int. Conf. on Social Robotics},
  @pages={235--244},
  year={2015},
  @publisher={Springer}
}

@article{thomaz2008teachable,
  title={Teachable robots: Understanding human teaching behavior to build more effective robot learners},
  author={Thomaz, Andrea L and Breazeal, Cynthia},
  journal={Artificial Intelligence},
  volume={172},
  number={6},
  pages={716--737},
  year={2008},
  publisher={Elsevier}
}
@article{wada2004effects,
  title={Effects of robot-assisted activity for elderly people and nurses at a day service center},
  author={Wada, Kazuyoshi and Shibata, Takanori and Saito, Tomoko and Tanie, Kazuo},
  journal={Proceedings of the IEEE},
  volume={92},
  number={11},
  pages={1780--1788},
  year={2004},
  publisher={IEEE}
}

@inproceedings{fincannon2004evidence,
  title={Evidence of the need for social intelligence in rescue robots},
  author={Fincannon, Thomas and Barnes, Laura E and Murphy, Robin R and Riddle, Dawn L},
  booktitle={Intelligent Robots and Systems, 2004.(IROS 2004). Proceedings. 2004 IEEE/RSJ International Conference on},
  volume={2},
  pages={1089--1095},
  year={2004},
  organization={IEEE}
}

@book{singer2009wired,
  title={Wired for war: The robotics revolution and conflict in the 21st century},
  author={Singer, Peter Warren},
  year={2009},
  publisher={Penguin}
}

@article{garreau2007bots,
  title={Bots on the ground},
  author={Garreau, Joel},
  journal={Washington Post},
  volume={6},
  year={2007}
}

@inproceedings{gockley2005designing,
  title={Designing robots for long-term social interaction},
  author={Gockley, Rachel and Bruce, Allison and Forlizzi, Jodi and Michalowski, Marek and Mundell, Anne and Rosenthal, Stephanie and Sellner, Brennan and Simmons, Reid and Snipes, Kevin and Schultz, Alan C and others},
  booktitle={Intelligent Robots and Systems, 2005.(IROS 2005). 2005 IEEE/RSJ International Conference on},
  pages={1338--1343},
  year={2005},
  organization={IEEE}
}

@inproceedings{feil2005defining,
  title={Defining socially assistive robotics},
  author={Feil-Seifer, David and Matari{\'c}, Maja J},
  booktitle={Rehabilitation Robotics, 2005. ICORR 2005. 9th International Conference on},
  pages={465--468},
  year={2005},
  organization={IEEE}
}

@inproceedings{wada2005psychological,
  title={Psychological and social effects of one year robot assisted activity on elderly people at a health service facility for the aged},
  author={Wada, Kazuyoshi and Shibata, Takanori and Saito, Tomoko and Sakamoto, Kayoko and Tanie, Kazuo},
  booktitle={Robotics and Automation, 2005. ICRA 2005. Proceedings of the 2005 IEEE International Conference on},
  pages={2785--2790},
  year={2005},
  organization={IEEE}
}

@article{beer2014toward,
  title={Toward a framework for levels of robot autonomy in human-robot interaction},
  author={Beer, Jenay and Fisk, Arthur D and Rogers, Wendy A},
  journal={Journal of Human-Robot Interaction},
  volume={3},
  number={2},
  pages={74},
  year={2014}
}

@inproceedings{hoffman2016openwoz,
  title={OpenWoZ: A Runtime-Configurable Wizard-of-Oz Framework for Human-Robot Interaction},
  author={Hoffman, Guy},
  booktitle={2016 AAAI Spring Symposium Series},
  year={2016}
}

@inproceedings{kelley1983empirical,
  title={An empirical methodology for writing user-friendly natural language computer applications},
  author={Kelley, John F},
  booktitle={Proceedings of the SIGCHI conference on Human Factors in Computing Systems},
  pages={193--196},
  year={1983},
  organization={ACM}
}

@inproceedings{baxter2016characterising,
  title={From Characterising Three Years of HRI to Methodology and Reporting Recommendations},
  author={Baxter, Paul and Kennedy, James and Senft, Emmanuel and Lemaignan, Severin and Belpaeme, Tony},
  booktitle={The Eleventh ACM/IEEE International Conference on Human Robot Interation},
  pages={391--398},
  year={2016},
  organization={IEEE Press}
}

@article{brooks1986robust,
  title={A robust layered control system for a mobile robot},
  author={Brooks, Rodney A},
  journal={Robotics and Automation, IEEE Journal of},
  volume={2},
  number={1},
  pages={14--23},
  year={1986},
  publisher={IEEE}
}

@inproceedings{breazeal1998motivational,
 author = {Breazeal (Ferrell), Cynthia},
 title = {A Motivational System for Regulating Human-robot Interaction},
 booktitle = {Proceedings of the Fifteenth National/Tenth Conference on Artificial Intelligence/Innovative Applications of Artificial Intelligence},
 year = {1998},
 pages = {54--62},
 publisher = {AAAI},
}

@inproceedings{cao2014robee,
  title={ROBEE: A homeostatic-based social behavior controller for robots in Human-Robot Interaction experiments},
  author={Cao, Hoang-Long and Gomez Esteban, Pablo and De Beir, Albert and Simut, Ramona and Van de Perre, Greet and Lefeber, Dirk and Vanderborght, Bram},
  booktitle={Robotics and Biomimetics (ROBIO), 2014 IEEE International Conference on},
  pages={516--521},
  year={2014},
  organization={IEEE}
}

@inproceedings{dragan2013legibility,
  title={Legibility and predictability of robot motion},
  author={Dragan, Anca D and Lee, Kenton CT and Srinivasa, Siddhartha S},
  booktitle={Human-Robot Interaction (HRI), 2013 8th ACM/IEEE International Conference on},
  pages={301--308},
  year={2013},
  organization={IEEE}
}

@incollection{alili2009task,
  title={A task planner for an autonomous social robot},
  author={Alili, Samir and Alami, Rachid and Montreuil, Vincent},
  booktitle={Distributed Autonomous Robotic Systems 8},
  pages={335--344},
  year={2009},
  publisher={Springer}
}


@article{frampton2009recent,
  title={Recent research advances in reinforcement learning in spoken dialogue systems},
  author={Frampton, Matthew and Lemon, Oliver},
  journal={The Knowledge Engineering Review},
  volume={24},
  number={04},
  pages={375--408},
  year={2009},
  publisher={Cambridge Univ Press}
}

@inproceedings{sequeira2016discovering,
  title={Discovering Social Interaction Strategies for Robots from Restricted-Perception Wizard-of-Oz Studies},
  author={Sequeira, Pedro and Alves-Oliveira, Patr{\'\i}cia and Ribeiro, Tiago and Di Tullio, Eugenio and Petisca, Sofia and Melo, Francisco S and Castellano, Ginevra and Paiva, Ana},
  booktitle={The Eleventh ACM/IEEE International Conference on Human Robot Interation},
  pages={197--204},
  year={2016},
  organization={IEEE Press}
}

@inproceedings{knox2009interactively,
  title={Interactively shaping agents via human reinforcement: The TAMER framework},
  author={Knox, W Bradley and Stone, Peter},
  booktitle={Proceedings of the fifth international conference on Knowledge capture},
  pages={9--16},
  year={2009},
  organization={ACM}
}

@article{garcia2015comprehensive,
  title={A Comprehensive Survey on Safe Reinforcement Learning},
  author={Garc{\'\i}a, Javier and Fern{\'a}ndez, Fernando},
  journal={Journal of Machine Learning Research},
  volume={16},
  pages={1437--1480},
  year={2015}
}

@article{hart1988development,
  title={Development of NASA-TLX (Task Load Index): Results of empirical and theoretical research},
  author={Hart, Sandra G and Staveland, Lowell E},
  journal={Advances in psychology},
  volume={52},
  pages={139--183},
  year={1988},
  publisher={Elsevier}
}

@inproceedings{howley2014effects,
  title={Effects of social presence and social role on help-seeking and learning},
  author={Howley, Iris and Kanda, Takayuki and Hayashi, Kotaro and Ros{\'e}, Carolyn},
  booktitle={Proceedings of the 2014 ACM/IEEE international conference on Human-robot interaction},
  pages={415--422},
  year={2014},
  organization={ACM}

}
@inproceedings{depalma2016nimbus,
  title={NIMBUS: A Hybrid Cloud-Crowd Realtime Architecture for Visual Learning in Interactive Domains},
  author={DePalma, Nick and Breazeal, Cynthia},
  booktitle={Proceedings of the 2nd Workshop on Cognitive Architectures for Social Human-Robot Interaction 2016},
  year={2016}
}
@article{rodrigues2012facts,
  title={Facts and figures on healthy ageing and long-term care},
  author={Rodrigues, Ricardo and Huber, Manfred and Lamura, Giovanni and others},
  journal={Vienna: European Centre for Social Welfare Policy and Research},
  year={2012},
  publisher={Citeseer}
}
@inproceedings{kennedy2016social,
  title={Social Robot Tutoring for Child Second Language Learning},
  author={Kennedy, James and Baxter, Paul and Senft, Emmanuel and Belpaeme, Tony},
  booktitle={The Eleventh ACM/IEEE International Conference on Human Robot Interation},
  pages={231--238},
  year={2016},
  organization={IEEE Press}
}

@inproceedings{kahn2015will,
  title={Will people keep the secret of a humanoid robot?: psychological intimacy in hri},
  author={Kahn Jr, Peter H and Kanda, Takayuki and Ishiguro, Hiroshi and Gill, Brian T and Shen, Solace and Gary, Heather E and Ruckert, Jolina H},
  booktitle={Proceedings of the Tenth Annual ACM/IEEE International Conference on Human-Robot Interaction},
  pages={173--180},
  year={2015},
  organization={ACM}
}

@inproceedings{shiomi2008semi,
  title={A semi-autonomous communication robot: a field trial at a train station},
  author={Shiomi, Masahiro and Sakamoto, Daisuke and Kanda, Takayuki and Ishi, Carlos Toshinori and Ishiguro, Hiroshi and Hagita, Norihiro},
  booktitle={Proceedings of the 3rd ACM/IEEE international conference on Human robot interaction},
  pages={303--310},
  year={2008},
  organization={ACM}
}

@inproceedings{jain2013learning,
  title={Learning trajectory preferences for manipulators via iterative improvement},
  author={Jain, Ashesh and Wojcik, Brian and Joachims, Thorsten and Saxena, Ashutosh},
  booktitle={Advances in neural information processing systems},
  pages={575--583},
  year={2013}
}
@inproceedings{beetz2004rpllearn,
  title={RPLLEARN: Extending an autonomous robot control language to perform},
  author={Beetz, Michael and Kirsch, Alexandra and Muller, Armin},
  booktitle={Proceedings of the Third International Joint Conference on Autonomous Agents and Multiagent Systems-Volume 3},
  pages={1022--1029},
  year={2004},
  organization={IEEE Computer Society}
}

@article{beom1995sensor,
  title={A sensor-based navigation for a mobile robot using fuzzy logic and reinforcement learning},
  author={Beom, Hee Rak and Cho, Hyung Suck},
  journal={Systems, Man and Cybernetics, IEEE Transactions on},
  volume={25},
  number={3},
  pages={464--477},
  year={1995},
  publisher={IEEE}
}

@article{stulp2012reinforcement,
  title={Reinforcement learning with sequences of motion primitives for robust manipulation},
  author={Stulp, Freek and Theodorou, Evangelos A and Schaal, Stefan},
  journal={Robotics, IEEE Transactions on},
  volume={28},
  number={6},
  pages={1360--1370},
  year={2012},
  publisher={IEEE}
}
@article{silver2016mastering,
  title={Mastering the game of Go with deep neural networks and tree search},
  author={Silver, David and Huang, Aja and Maddison, Chris J and Guez, Arthur and Sifre, Laurent and Van Den Driessche, George and Schrittwieser, Julian and Antonoglou, Ioannis and Panneershelvam, Veda and Lanctot, Marc and others},
  journal={Nature},
  volume={529},
  number={7587},
  pages={484--489},
  year={2016},
  publisher={Nature Publishing Group}
}
@article{erev1998predicting,
  title={Predicting how people play games: Reinforcement learning in experimental games with unique, mixed strategy equilibria},
  author={Erev, Ido and Roth, Alvin E},
  journal={American economic review},
  pages={848--881},
  year={1998},
  publisher={JSTOR}
}
@phdthesis{Lin:1992:RLR:168871,
 author = {Lin, Long-Ji},
 title = {Reinforcement Learning for Robots Using Neural Networks},
 year = {1992},
 note = {UMI Order No. GAX93-22750},
 publisher = {Carnegie Mellon University},
 address = {Pittsburgh, PA, USA},
} 
@book{deci1975intrinsic,
  title={Intrinsic motivation},
  author={Deci, Edward L and Ryan, Richard M},
  year={1975},
  publisher={Wiley Online Library}
}@article{schmidhuber2010formal,
  title={Formal theory of creativity, fun, and intrinsic motivation (1990--2010)},
  author={Schmidhuber, J{\"u}rgen},
  journal={Autonomous Mental Development, IEEE Transactions on},
  volume={2},
  number={3},
  pages={230--247},
  year={2010},
  publisher={IEEE}
}

@article{oudeyer2004intelligent,
  title={Intelligent adaptive curiosity: a source of self-development},
  author={Oudeyer, Pierre-Yves and Kaplan, Frederic},
  year={2004},
  journal={Proceedings of the Fourth International Workshop on Epigenetic Robotics},
  pages = {127--130},
  publisher={Lund University Cognitive Studies}
}
@article{billard2013robot,
  title={Robot learning by demonstration},
  author={Billard, Aude and Grollman, Daniel},
  journal={Scholarpedia},
  volume={8},
  number={12},
  pages={3824},
  year={2013}
}

@book{johnson1991active,
  title={Active learning: Cooperation in the college classroom},
  author={Johnson, David W and Johnson, Roger T and Smith, Karl A},
  year={1991},
  publisher={Interaction Book Company Edina, MN}
}
@inproceedings{bevilacqua2012robot,
  title={Robot-Era project (FP7-ICT-2011.5. 4): From the end-users perspective to robotics. preliminary findings},
  author={Bevilacqua, R and Felici, E and Marcellini, F and Klemcke, S and Nedopil, C and Glende, S and Filippo, C and Aquilano, M and Carrozza, MC and Dario, P},
  booktitle={Proceedings of the AAL—ambient assisted living forum},
  year={2012}
}
@inproceedings{amirabdollahian2013accompany,
  title={Accompany: Acceptable robotiCs COMPanions for AgeiNG Years—Multidimensional aspects of human-system interactions},
  author={Amirabdollahian, Farshid and Bedaf, Sandra and Bormann, Richard and Draper, Heather and Evers, Vanessa and Gelderblom, Gert Jan and Gutierrez Ruiz, Carolina and Hewson, David and Hu, Ninghang and Iacono, Iolanda and others},
  booktitle={Human System Interaction (HSI), 2013 The 6th International Conference on},
  pages={570--577},
  year={2013},
  organization={IEEE}
}
@article{broadbent2009acceptance,
  title={Acceptance of healthcare robots for the older population: review and future directions},
  author={Broadbent, Elizabeth and Stafford, Rebecca and MacDonald, Bruce},
  journal={International Journal of Social Robotics},
  volume={1},
  number={4},
  pages={319--330},
  year={2009},
  publisher={Springer}
}
@article{bloom19842,
  title={The 2 sigma problem: The search for methods of group instruction as effective as one-to-one tutoring},
  author={Bloom, Benjamin S},
  journal={Educational researcher},
  volume={13},
  number={6},
  pages={4--16},
  year={1984},
  publisher={JSTOR}
}
@inproceedings{kennedy2015robot,
  title={The robot who tried too hard: social behaviour of a robot tutor can negatively affect child learning},
  author={Kennedy, James and Baxter, Paul and Belpaeme, Tony},
  booktitle={Proceedings of the Tenth Annual ACM/IEEE International Conference on Human-Robot Interaction},
  pages={67--74},
  year={2015},
  organization={ACM}
}
@inproceedings{leyzberg2014personalizing,
  title={Personalizing robot tutors to individuals' learning differences},
  author={Leyzberg, Daniel and Spaulding, Samuel and Scassellati, Brian},
  booktitle={Proceedings of the 2014 ACM/IEEE international conference on Human-robot interaction},
  pages={423--430},
  year={2014},
  organization={ACM}
}
@article{kanda2004interactive,
  title={Interactive robots as social partners and peer tutors for children: A field trial},
  author={Kanda, Takayuki and Hirano, Takayuki and Eaton, Daniel and Ishiguro, Hiroshi},
  journal={Human-computer interaction},
  volume={19},
  number={1},
  pages={61--84},
  year={2004},
  publisher={L. Erlbaum Associates Inc.}
}
@inproceedings{han2005educational,
  title={The educational use of home robots for children},
  author={Han, Jeonghye and Jo, Miheon and Park, Sungju and Kim, Sungho},
  booktitle={Robot and Human Interactive Communication, 2005. ROMAN 2005. IEEE International Workshop on},
  pages={378--383},
  year={2005},
  organization={IEEE}
}
@inproceedings{hood2015children,
  title={When children teach a robot to write: An autonomous teachable humanoid which uses simulated handwriting},
  author={Hood, Deanna and Lemaignan, S{\'e}verin and Dillenbourg, Pierre},
  booktitle={Proceedings of the Tenth Annual ACM/IEEE International Conference on Human-Robot Interaction},
  pages={83--90},
  year={2015},
  organization={ACM}
}
@article{liu2013robotic,
  title={Robotic urban search and rescue: A survey from the control perspective},
  author={Liu, Yugang and Nejat, Goldie},
  journal={Journal of Intelligent \& Robotic Systems},
  volume={72},
  number={2},
  pages={147--165},
  year={2013},
  publisher={Springer}
}
@incollection{karreman2012contextual,
  title={Contextual analysis of human non-verbal guide behaviors to inform the development of FROG, the fun robotic outdoor guide},
  author={Karreman, Daphne E and van Dijk, Elisabeth MAG and Evers, Vanessa},
  booktitle={Human Behavior Understanding},
  pages={113--124},
  year={2012},
  publisher={Springer}
}
@inproceedings{friedman2003hardware,
  title={Hardware companions?: What online AIBO discussion forums reveal about the human-robotic relationship},
  author={Friedman, Batya and Kahn Jr, Peter H and Hagman, Jennifer},
  booktitle={Proceedings of the SIGCHI conference on Human factors in computing systems},
  pages={273--280},
  year={2003},
  organization={ACM}
}
@article{sivan2011systematic,
  title={Systematic review of outcome measures used in the evaluation of robot-assisted upper limb exercise in stroke},
  author={Sivan, Manoj and O'Connor, Rory J and Makower, Sophie and Levesley, Martin and Bhakta, Bipinchandra},
  journal={Journal of Rehabilitation Medicine},
  volume={43},
  number={3},
  pages={181--189},
  year={2011},
  publisher={Medical Journals Limited}
}
@article{belpaeme2012multimodal,
  title={Multimodal child-robot interaction: Building social bonds},
  author={Belpaeme, Tony and Baxter, Paul E and Read, Robin and Wood, Rachel and Cuay{\'a}huitl, Heriberto and Kiefer, Bernd and Racioppa, Stefania and Kruijff-Korbayov{\'a}, Ivana and Athanasopoulos, Georgios and Enescu, Valentin and others},
  journal={Journal of Human-Robot Interaction},
  volume={1},
  number={2},
  pages={33--53},
  year={2012}
}
@article{diehl2012clinical,
  title={The clinical use of robots for individuals with autism spectrum disorders: A critical review},
  author={Diehl, Joshua J and Schmitt, Lauren M and Villano, Michael and Crowell, Charles R},
  journal={Research in autism spectrum disorders},
  volume={6},
  number={1},
  pages={249--262},
  year={2012},
  publisher={Elsevier}
}
@inproceedings{montreuil2007planning,
  title={Planning human centered robot activities},
  author={Montreuil, Vincent and Clodic, Aur{\'e}lie and Ransan, Maxime and Alami, Rachid},
  booktitle={Systems, Man and Cybernetics, 2007. ISIC. IEEE International Conference on},
  pages={2618--2623},
  year={2007},
  organization={IEEE}
}
@inproceedings{senft2016providing,
  title={Providing a Robot with Learning Abilities Improves its Perception by Users},
  author={Senft, Emmanuel and Baxter, Paul and Kennedy, James and Lemaignan, S{\'e}verin and Belpaeme, Tony},
  booktitle={The Eleventh ACM/IEEE International Conference on Human Robot Interation},
  pages={513--514},
  year={2016},
  organization={IEEE Press}
}
@article{gross2001emotion,
  title={Emotion regulation in adulthood: Timing is everything},
  author={Gross, James J},
  journal={Current directions in psychological science},
  volume={10},
  number={6},
  pages={214--219},
  year={2001},
  publisher={SAGE Publications}
}
@article{decety2007role,
  title={The role of the right temporoparietal junction in social interaction: how low-level computational processes contribute to meta-cognition},
  author={Decety, Jean and Lamm, Claus},
  journal={The Neuroscientist},
  year={2007},
  publisher={Sage Publications}
}
@inproceedings{baxter2015touchscreen,
title = {Touchscreen-Mediated Child-Robot Interactions Applied to ASD Therapy},
author = {Paul Baxter and Silviu Matu and Emmanuel Senft and Cristina Costescu and James Kennedy and Daniel David and Tony Belpaeme},
year = {2015},
booktitle = {Proceedings of the 1st International Conference on Social Robots in Therapy and Education},
address = {Almere, Netherlands}
}
@inproceedings{bartneck2004design,
  title={A design-centred framework for social human-robot interaction},
  author={Bartneck, Christoph and Forlizzi, Jodi},
  booktitle={Proceedings of the 13th IEEE International Workshop on Robot and Human Interactive Communication},
  pages={31--33},
  year={2004}
}
@inproceedings{dautenhahn1999robots,
  title={Robots as social actors: Aurora and the case of autism},
  author={Dautenhahn, Kerstin},
  booktitle={Proc. CT99, The Third International Cognitive Technology Conference, August, San Francisco},
  volume={359},
  pages={374},
  year={1999}
}
@inproceedings{di2014web,
  title={A web based multi-modal interface for elderly users of the Robot-Era multi-robot services},
  author={Di Nuovo, Alessandro and Broz, Frank and Belpaeme, Tony and Cangelosi, Angelo and Cavallo, Filippo and Esposito, Raffaele and Dario, Paolo},
  booktitle={Systems, Man and Cybernetics (SMC), 2014 IEEE International Conference on},
  pages={2186--2191},
  year={2014},
  organization={IEEE}
}
@book{sherif1936psychology,
  title={The psychology of social norms.},
  author={Sherif, Muzafer},
  year={1936},
  publisher={Harper}
}
@inproceedings{salem2015would,
  title={Would you trust a (faulty) robot?: Effects of error, task type and personality on human-robot cooperation and trust},
  author={Salem, Maha and Lakatos, Gabriella and Amirabdollahian, Farshid and Dautenhahn, Kerstin},
  booktitle={Proceedings of the Tenth Annual ACM/IEEE International Conference on Human-Robot Interaction},
  pages={141--148},
  year={2015},
  organization={ACM}
}
@article{salem2013err,
  title={To err is human (-like): Effects of robot gesture on perceived anthropomorphism and likability},
  author={Salem, Maha and Eyssel, Friederike and Rohlfing, Katharina and Kopp, Stefan and Joublin, Frank},
  journal={International Journal of Social Robotics},
  volume={5},
  number={3},
  pages={313--323},
  year={2013},
  publisher={Springer}
}
@book{saltzer2009principles,
  title={Principles of computer system design: an introduction},
  author={Saltzer, Jerome H and Kaashoek, M Frans},
  year={2009},
  publisher={Morgan Kaufmann}
}
@inproceedings{lemaignan2014dynamics,
  title={The dynamics of anthropomorphism in robotics},
  author={Lemaignan, S{\'e}verin and Fink, Julia and Dillenbourg, Pierre},
  booktitle={Proceedings of the 2014 ACM/IEEE international conference on Human-robot interaction},
  pages={226--227},
  year={2014},
  organization={ACM}
}
@article{kirsch2009robot,
  title={Robot learning language—integrating programming and learning for cognitive systems},
  author={Kirsch, Alexandra},
  journal={Robotics and Autonomous Systems},
  volume={57},
  number={9},
  pages={943--954},
  year={2009},
  publisher={Elsevier}
}

@techreport{sheridan1978human,
    title={Human and computer control of undersea teleoperators},
    author={Sheridan, Thomas B and Verplank, William L},
    year={1978},
    institution={MASSACHUSETTS INST OF TECH CAMBRIDGE MAN-MACHINE SYSTEMS LAB}
}

@book{united2017world,
	title={{World Population Prospects: The 2017 Revision. Key findings and advance tables}},
	author={{United Nations. Department of Economic and Social Affairs}},
	year={2017},
	publisher={{United Nations Publications}}
}

@article{tapus2007socially,
	title={Socially assistive robotics [grand challenges of robotics]},
	author={Tapus, Adriana and Mataric, Maja J and Scassellati, Brian},
	journal={IEEE Robotics \& Automation Magazine},
	volume={14},
	number={1},
	pages={35--42},
	year={2007},
	publisher={IEEE}
}
@inproceedings{badii2009companionable,
	title={CompanionAble-integrated cognitive assistive \& domotic companion robotic systems for ability \& security},
	author={Badii, Atta},
	booktitle={Proceedings of the Human-Machine-Interaction - State-of-the-art and Future Steps workshop at the 32nd Annual Conference on Artificial Intelligence (KI 2009)},
	pages={164},
	organization={Citeseer}
}
@inproceedings{lara2017human,
	title={Human-robot sensor interface for cardiac rehabilitation},
	author={Lara, Juan S and Casas, Jonathan and Aguirre, Andres and Munera, Marcela and Rincon-Roncancio, Monica and Irfan, Bahar and Senft, Emmanuel and Belpaeme, Tony and Cifuentes, Carlos A},
	booktitle={Rehabilitation Robotics (ICORR), 2017 International Conference on},
	pages={1013--1018},
	year={2017},
	organization={IEEE}
}
@article{esteban2017build,
	title={How to build a supervised autonomous system for robot-enhanced therapy for children with autism spectrum disorder},
	author={Esteban, Pablo G and Baxter, Paul and Belpaeme, Tony and Billing, Erik and Cai, Haibin and Cao, Hoang-Long and Coeckelbergh, Mark and Costescu, Cristina and David, Daniel and De Beir, Albert and others},
	journal={Paladyn, Journal of Behavioral Robotics},
	volume={8},
	number={1},
	pages={18--38},
	year={2017},
	publisher={De Gruyter Open}
}
@article{mubin2013review,
	title={A review of the applicability of robots in education},
	author={Mubin, Omar and Stevens, Catherine J and Shahid, Suleman and Al Mahmud, Abdullah and Dong, Jian-Jie},
	journal={Journal of Technology in Education and Learning},
	volume={1},
	number={209-0015},
	pages={13},
	year={2013}
}

@article{verner2016science,
	title={Science class with RoboThespian: using a robot teacher to make science fun and engage students},
	author={Verner, Igor M and Polishuk, Alex and Krayner, Niv},
	journal={IEEE Robotics \& Automation Magazine},
	volume={23},
	number={2},
	pages={74--80},
	year={2016},
	publisher={IEEE}
}
@article{chase2009teachable,
	title={Teachable agents and the prot{\'e}g{\'e} effect: Increasing the effort towards learning},
	author={Chase, Catherine C and Chin, Doris B and Oppezzo, Marily A and Schwartz, Daniel L},
	journal={Journal of Science Education and Technology},
	volume={18},
	number={4},
	pages={334--352},
	year={2009},
	publisher={Springer}
}
@incollection{murphy2008search,
	title={Search and rescue robotics},
	author={Murphy, Robin R and Tadokoro, Satoshi and Nardi, Daniele and Jacoff, Adam and Fiorini, Paolo and Choset, Howie and Erkmen, Aydan M},
	booktitle={Springer Handbook of Robotics},
	pages={1151--1173},
	year={2008},
	publisher={Springer}
}
@inproceedings{kanda2009affective,
	title={An affective guide robot in a shopping mall},
	author={Kanda, Takayuki and Shiomi, Masahiro and Miyashita, Zenta and Ishiguro, Hiroshi and Hagita, Norihiro},
	booktitle={Proceedings of the 4th ACM/IEEE international conference on Human robot interaction},
	pages={173--180},
	year={2009},
	organization={ACM}
}
@inproceedings{thrun1999minerva,
	title={MINERVA: A second-generation museum tour-guide robot},
	author={Thrun, Sebastian and Bennewitz, Maren and Burgard, Wolfram and Cremers, Armin B and Dellaert, Frank and Fox, Dieter and Hahnel, Dirk and Rosenberg, Charles and Roy, Nicholas and Schulte, Jamieson and others},
	booktitle={Robotics and automation, 1999. Proceedings. 1999 IEEE international conference on},
	volume={3},
	year={1999},
	organization={IEEE}
}
@article{burgard1999experiences,
	title={Experiences with an interactive museum tour-guide robot},
	author={Burgard, Wolfram and Cremers, Armin B and Fox, Dieter and H{\"a}hnel, Dirk and Lakemeyer, Gerhard and Schulz, Dirk and Steiner, Walter and Thrun, Sebastian},
	journal={Artificial intelligence},
	volume={114},
	number={1-2},
	pages={3--55},
	year={1999},
	publisher={Elsevier}
}
@inproceedings{kanda2008will,
	title={Who will be the customer?: A social robot that anticipates people's behavior from their trajectories},
	author={Kanda, Takayuki and Glas, Dylan F and Shiomi, Masahiro and Ishiguro, Hiroshi and Hagita, Norihiro},
	booktitle={Proceedings of the 10th international conference on Ubiquitous computing},
	pages={380--389},
	year={2008},
	organization={ACM}
}
@article{fink2013living,
	title={Living with a vacuum cleaning robot},
	author={Fink, Julia and Bauwens, Val{\'e}rie and Kaplan, Fr{\'e}d{\'e}ric and Dillenbourg, Pierre},
	journal={International Journal of Social Robotics},
	volume={5},
	number={3},
	pages={389--408},
	year={2013},
	publisher={Springer}
}
@article{guizzo2012rethink,
	title={How rethink robotics built its new baxter robot worker},
	author={Guizzo, Erico and Ackerman, Evan},
	journal={IEEE spectrum},
	pages={18},
	year={2012}
}
@article{bauer2008human,
	title={Human--robot collaboration: a survey},
	author={Bauer, Andrea and Wollherr, Dirk and Buss, Martin},
	journal={International Journal of Humanoid Robotics},
	volume={5},
	number={01},
	pages={47--66},
	year={2008},
	publisher={World Scientific}
}
@inproceedings{fails2003interactive,
	title={Interactive machine learning},
	author={Fails, Jerry Alan and Olsen Jr, Dan R},
	booktitle={Proceedings of the 8th international conference on Intelligent user interfaces},
	pages={39--45},
	year={2003},
	organization={ACM}
}
@article{cakmak2010designing,
	title={Designing interactions for robot active learners},
	author={Cakmak, Maya and Chao, Crystal and Thomaz, Andrea L},
	journal={IEEE Transactions on Autonomous Mental Development},
	volume={2},
	number={2},
	pages={108--118},
	year={2010},
	publisher={IEEE}
}
@inproceedings{cakmak2010optimality,
	title={Optimality of human teachers for robot learners},
	author={Cakmak, Maya and Thomaz, Andrea L},
	booktitle={Development and Learning (ICDL), 2010 IEEE 9th International Conference on},
	pages={64--69},
	year={2010},
	organization={IEEE}
}
@article{isbell2006cobot,
	title={Cobot in LambdaMOO: An adaptive social statistics agent},
	author={Isbell, Charles Lee and Kearns, Michael and Singh, Satinder and Shelton, Christian R and Stone, Peter and Kormann, Dave},
	journal={Autonomous Agents and Multi-Agent Systems},
	volume={13},
	number={3},
	pages={327--354},
	year={2006},
	publisher={Springer}
}
@inproceedings{kaochar2011towards,
	title={Towards understanding how humans teach robots},
	author={Kaochar, Tasneem and Peralta, Raquel Torres and Morrison, Clayton T and Fasel, Ian R and Walsh, Thomas J and Cohen, Paul R},
	booktitle={International Conference on User Modeling, Adaptation, and Personalization},
	pages={347--352},
	year={2011},
	organization={Springer}
}
@inproceedings{stumpf2007toward,
	title={Toward harnessing user feedback for machine learning},
	author={Stumpf, Simone and Rajaram, Vidya and Li, Lida and Burnett, Margaret and Dietterich, Thomas and Sullivan, Erin and Drummond, Russell and Herlocker, Jonathan},
	booktitle={Proceedings of the 12th international conference on Intelligent user interfaces},
	pages={82--91},
	year={2007},
	organization={ACM}
}
@article{senft2017supervised,
	title={Supervised autonomy for online learning in human-robot interaction},
	author={Senft, Emmanuel and Baxter, Paul and Kennedy, James and Lemaignan, S{\'e}verin and Belpaeme, Tony},
	journal={Pattern Recognition Letters},
	volume={99},
	pages={77--86},
	year={2017},
	publisher={Elsevier}
}
@article{asimov1942runaround,
	title={Runaround},
	author={Asimov, Isaac},
	journal={Astounding Science Fiction},
	volume={29},
	number={1},
	pages={94--103},
	year={1942}
}
@article{murphy2009beyond,
	title={Beyond Asimov: the three laws of responsible robotics},
	author={Murphy, Robin and Woods, David D},
	journal={IEEE Intelligent Systems},
	volume={24},
	number={4},
	year={2009},
	publisher={IEEE}
}
@article{arkin2003ethological,
	title={An ethological and emotional basis for human--robot interaction},
	author={Arkin, Ronald C and Fujita, Masahiro and Takagi, Tsuyoshi and Hasegawa, Rika},
	journal={Robotics and Autonomous Systems},
	volume={42},
	number={3-4},
	pages={191--201},
	year={2003},
	publisher={Elsevier}
}
@article{cao2017collaborative,
	title={A collaborative homeostatic-based behavior controller for social robots in human--robot interaction experiments},
	author={Cao, Hoang-Long and Esteban, Pablo G{\'o}mez and Simut, Ramona and Van de Perre, Greet and Lefeber, Dirk and Vanderborght, Bram and others},
	journal={International Journal of Social Robotics},
	volume={9},
	number={5},
	pages={675--690},
	year={2017},
	publisher={Springer}
}
@inproceedings{scheutz2017spoken,
	title={Spoken instruction-based one-shot object and action learning in a cognitive robotic architecture},
	author={Scheutz, Matthias and Krause, Evan and Oosterveld, Brad and Frasca, Tyler and Platt, Robert},
	booktitle={Proceedings of the 16th Conference on Autonomous Agents and MultiAgent Systems},
	pages={1378--1386},
	year={2017},
	organization={International Foundation for Autonomous Agents and Multiagent Systems}
}
@inproceedings{theocharous2015personalized,
	title={Personalized Ad Recommendation Systems for Life-Time Value Optimization with Guarantees.},
	author={Theocharous, Georgios and Thomas, Philip S and Ghavamzadeh, Mohammad},
	booktitle={IJCAI},
	pages={1806--1812},
	year={2015}
}
@techreport{settles2012active,
	Author = {Burr Settles},
	Institution = {University of Wisconsin--Madison},
	Number = {1648},
	Title = {Active Learning Literature Survey},
	Type = {Computer Sciences Technical Report},
	Year = {2009},
}
@inproceedings{chao2010transparent,
	title={Transparent active learning for robots},
	author={Chao, Crystal and Cakmak, Maya and Thomaz, Andrea L},
	booktitle={Human-Robot Interaction (HRI), 2010 5th ACM/IEEE International Conference on},
	pages={317--324},
	year={2010},
	organization={IEEE}
}
@article{loftin2016learning,
	title={Learning behaviors via human-delivered discrete feedback: modeling implicit feedback strategies to speed up learning},
	author={Loftin, Robert and Peng, Bei and MacGlashan, James and Littman, Michael L and Taylor, Matthew E and Huang, Jeff and Roberts, David L},
	journal={Autonomous agents and multi-agent systems},
	volume={30},
	number={1},
	pages={30--59},
	year={2016},
	publisher={Springer}
}
@inproceedings{christiano2017deep,
	title={Deep reinforcement learning from human preferences},
	author={Christiano, Paul F and Leike, Jan and Brown, Tom and Martic, Miljan and Legg, Shane and Amodei, Dario},
	booktitle={Advances in Neural Information Processing Systems},
	pages={4302--4310},
	year={2017}
}
@inproceedings{clark2018deep,
	title={Deep Reinforcement Learning of Abstract Reasoning from Demonstrations},
	author={Clark-Turner, Madison and Begum, Momotaz},
	booktitle={Companion of the 2018 ACM/IEEE International Conference on Human-Robot Interaction},
	pages={372--372},
	year={2018},
	organization={ACM}
}
@article{frager1970learning,
	title={Learning by teaching},
	author={Frager, Stanley and Stern, Carolyn},
	journal={The Reading Teacher},
	volume={23},
	number={5},
	pages={403--417},
	year={1970},
	publisher={JSTOR}
}
